@BOOK{
postgres, 
title="PostgreSQL", 
publisher="\path!http://www.postgresql.org!",
key="postgres"
}

@book{
zope, 
title="Zope", 
publisher="\path!http://www.zope.org!", 
key="zope"
}

@BOOK{
dtml, 
title="Zope DTML Reference", 
publisher="\path!http://www.zope.org/Members/michel/ZB/AppendixA.dtml!", 
author="Michel Pelletier and Amos Latteier"
}


@book{
oracle, 
title="Oracle", 
publisher="\path!http://www.oracle.com!",
key="oracle"
}

@book{
mysql, 
title="MySQL", 
publisher="\path!http://www.mysql.org!",
key="mysql"
}

@BOOK{
cfml, 
title="CFML Language Reference", 
publisher="\path!http://www.allaire.com/documents/cf45docs/acrobatdocs/45langref.pdf!",
key="cfml"
}

@book{
apache,
title="Apache",
publisher="\path!http://www.apache.org!",
key="apache"
}

@book{
psp,
title="Python Server Pages",
publisher="\path!http://www.ciobriefings.com/psp/!",
key="psp"
}

@BOOK{
pywx,
title="PyWX -- Python for AOLserver",
publisher="\path!http://pywx.idyll.org!",
key="pywx"
}

@book{
java,
title="Java",
publisher="\path!http://www.javasoft.com!",
key="java"
}

@book{
jsp,
title="JavaServer Pages",
publisher="\path!http://java.sun.com/products/jsp!",
key="jsp"
}

@book{
asp,
title="Active Server Pages",
publisher="\path!http://msdn.microsoft.com/workshop/server!",
key="asp"
}

@book{
sedge,
author="Sedgewick, Robert",
publisher="Addison-Wesley",
year="1988",
edition="second",
title="Algorithms" 
}

@book{
python,
author="van Rossum, Guido",
title="Python",
publisher="\path!http://www.python.org!"
}

@book{
webware,
title="Webware",
publisher="\path!http://webware.sourceforge.net!",
key="webware",
}